%% This BibTeX bibliography file was created using BibDesk.
%% http://bibdesk.sourceforge.net/


%% Created for simon jenni at 2015-01-27 14:44:49 +0100 


%% Saved with string encoding Unicode (UTF-8) 



@article{lecun1998gradient,
	Author = {LeCun, Yann and Bottou, L{\'e}on and Bengio, Yoshua and Haffner, Patrick},
	Date-Added = {2015-01-27 10:15:27 +0000},
	Date-Modified = {2015-01-27 10:15:27 +0000},
	Journal = {Proceedings of the IEEE},
	Number = {11},
	Pages = {2278--2324},
	Publisher = {IEEE},
	Title = {Gradient-based learning applied to document recognition},
	Volume = {86},
	Year = {1998}}

@article{fukushima1980neocognitron,
	Author = {Fukushima, Kunihiko},
	Date-Added = {2015-01-27 09:48:57 +0000},
	Date-Modified = {2015-01-27 09:48:57 +0000},
	Journal = {Biological cybernetics},
	Number = {4},
	Pages = {193--202},
	Publisher = {Springer},
	Title = {Neocognitron: A self-organizing neural network model for a mechanism of pattern recognition unaffected by shift in position},
	Volume = {36},
	Year = {1980}}

@misc{pascal-voc-2007,
	Author = {Everingham, M. and Van~Gool, L. and Williams, C. K. I. and Winn, J. and Zisserman, A.},
	Date-Added = {2015-01-25 23:10:20 +0000},
	Date-Modified = {2015-01-25 23:10:20 +0000},
	Howpublished = {http://www.pascal-network.org/challenges/VOC/voc2007/workshop/index.html},
	Title = {The {PASCAL} {V}isual {O}bject {C}lasses {C}hallenge 2007 {(VOC2007)} {R}esults}}

@incollection{savarese2008view,
	Author = {Savarese, Silvio and Fei-Fei, Li},
	Booktitle = {Computer Vision--ECCV 2008},
	Date-Added = {2015-01-20 21:05:21 +0000},
	Date-Modified = {2015-01-20 21:05:21 +0000},
	Pages = {602--615},
	Publisher = {Springer},
	Title = {View synthesis for recognizing unseen poses of object classes},
	Year = {2008}}

@inproceedings{5206633,
	Author = {Ozuysal, M. and Lepetit, V. and Fua, P.},
	Booktitle = {Computer Vision and Pattern Recognition, 2009. CVPR 2009. IEEE Conference on},
	Date-Added = {2015-01-20 20:29:32 +0000},
	Date-Modified = {2015-01-20 20:29:32 +0000},
	Doi = {10.1109/CVPR.2009.5206633},
	Issn = {1063-6919},
	Keywords = {feature extraction;image classification;object detection;pose estimation;3D multiview object detection;multiview object localization;object database;pose estimation;potential orientation;Computer vision;Error analysis;Histograms;Image databases;Laboratories;Measurement standards;Object detection;Object oriented databases;Robustness;Testing},
	Month = {June},
	Pages = {778-785},
	Title = {Pose estimation for category specific multiview object localization},
	Year = {2009},
	Bdsk-Url-1 = {http://dx.doi.org/10.1109/CVPR.2009.5206633}}

@inproceedings{felzenszwalb2008discriminatively,
	Author = {Felzenszwalb, Pedro and McAllester, David and Ramanan, Deva},
	Booktitle = {Computer Vision and Pattern Recognition, 2008. CVPR 2008. IEEE Conference on},
	Date-Added = {2015-01-20 18:49:40 +0000},
	Date-Modified = {2015-01-20 18:49:40 +0000},
	Organization = {IEEE},
	Pages = {1--8},
	Title = {A discriminatively trained, multiscale, deformable part model},
	Year = {2008}}

@inproceedings{thomas2006towards,
	Author = {Thomas, Alexander and Ferrar, Vittorio and Leibe, Bastian and Tuytelaars, Tinne and Schiel, Bernt and Van Gool, Luc},
	Booktitle = {Computer Vision and Pattern Recognition, 2006 IEEE Computer Society Conference on},
	Date-Added = {2015-01-20 18:35:08 +0000},
	Date-Modified = {2015-01-20 18:35:08 +0000},
	Organization = {IEEE},
	Pages = {1589--1596},
	Title = {Towards multi-view object class detection},
	Volume = {2},
	Year = {2006}}

@inproceedings{liebelt2008viewpoint,
	Author = {Liebelt, Joerg and Schmid, Cordelia and Schertler, Klaus},
	Booktitle = {Computer Vision and Pattern Recognition, 2008. CVPR 2008. IEEE Conference on},
	Date-Added = {2015-01-20 18:04:33 +0000},
	Date-Modified = {2015-01-20 18:04:33 +0000},
	Organization = {IEEE},
	Pages = {1--8},
	Title = {Viewpoint-independent object class detection using 3d feature maps},
	Year = {2008}}

@inproceedings{4270070,
	Author = {Hoiem, D. and Rother, C. and Winn, J.},
	Booktitle = {Computer Vision and Pattern Recognition, 2007. CVPR '07. IEEE Conference on},
	Date-Added = {2015-01-20 17:56:26 +0000},
	Date-Modified = {2015-01-20 17:56:26 +0000},
	Doi = {10.1109/CVPR.2007.383045},
	Issn = {1063-6919},
	Keywords = {computer graphics;image resolution;image segmentation;object recognition;random processes;visual databases;3D LayoutCRF;PASCAL'06 car database;instance penalty;layout conditional random field algorithm;multiview object class recognition;multiview object class segmentation;occlusion reasoning;pixel-level appearance;Costs;Face detection;Image generation;Image segmentation;Labeling;Object detection;Proposals;Refining;Robots;Shape},
	Month = {June},
	Pages = {1-8},
	Title = {3D LayoutCRF for Multi-View Object Class Recognition and Segmentation},
	Year = {2007},
	Bdsk-Url-1 = {http://dx.doi.org/10.1109/CVPR.2007.383045}}

@inproceedings{yan20073d,
	Author = {Yan, Pingkun and Khan, Saad M and Shah, Mubarak},
	Booktitle = {Computer Vision, 2007. ICCV 2007. IEEE 11th International Conference on},
	Date-Added = {2015-01-20 17:19:07 +0000},
	Date-Modified = {2015-01-20 17:19:07 +0000},
	Organization = {IEEE},
	Pages = {1--6},
	Title = {3d model based object class detection in an arbitrary view},
	Year = {2007}}

@inproceedings{flynn1989cad,
	Author = {Flynn, Patrick J and Jain, Anil K},
	Booktitle = {Systems, Man and Cybernetics, 1989. Conference Proceedings., IEEE International Conference on},
	Date-Added = {2015-01-20 17:01:45 +0000},
	Date-Modified = {2015-01-20 17:01:45 +0000},
	Organization = {IEEE},
	Pages = {162--167},
	Title = {CAD-based computer vision: from CAD models to relational graphs},
	Year = {1989}}

@inproceedings{lowe1999object,
	Author = {Lowe, David G},
	Booktitle = {Computer vision, 1999. The proceedings of the seventh IEEE international conference on},
	Date-Added = {2015-01-20 00:13:49 +0000},
	Date-Modified = {2015-01-20 00:13:49 +0000},
	Organization = {Ieee},
	Pages = {1150--1157},
	Title = {Object recognition from local scale-invariant features},
	Volume = {2},
	Year = {1999}}

@article{murase1995visual,
	Author = {Murase, Hiroshi and Nayar, Shree K},
	Date-Added = {2015-01-19 23:49:43 +0000},
	Date-Modified = {2015-01-19 23:49:43 +0000},
	Journal = {International journal of computer vision},
	Number = {1},
	Pages = {5--24},
	Publisher = {Springer},
	Title = {Visual learning and recognition of 3-D objects from appearance},
	Volume = {14},
	Year = {1995}}

@article{lowe1987three,
	Author = {Lowe, David G},
	Date-Added = {2015-01-19 23:40:10 +0000},
	Date-Modified = {2015-01-19 23:40:10 +0000},
	Journal = {Artificial intelligence},
	Number = {3},
	Pages = {355--395},
	Publisher = {Elsevier},
	Title = {Three-dimensional object recognition from single two-dimensional images},
	Volume = {31},
	Year = {1987}}

@article{underwood1975visual,
	Author = {Underwood, Stephen A and Coates, Clarence L},
	Date-Added = {2015-01-19 23:11:50 +0000},
	Date-Modified = {2015-01-19 23:11:50 +0000},
	Journal = {Computers, IEEE Transactions on},
	Number = {6},
	Pages = {651--661},
	Publisher = {IEEE},
	Title = {Visual learning from multiple views},
	Volume = {100},
	Year = {1975}}

@techreport{agin1972representation,
	Author = {Agin, Gerald J},
	Date-Added = {2015-01-19 21:53:05 +0000},
	Date-Modified = {2015-01-19 21:53:05 +0000},
	Institution = {DTIC Document},
	Title = {Representation and description of curved objects},
	Year = {1972}}

@book{books/garland/Roberts63,
	Added-At = {2002-05-24T00:00:00.000+0200},
	Author = {Roberts, Lawrence G.},
	Biburl = {http://www.bibsonomy.org/bibtex/2d90e773cf6c93d46864ac2475108b31f/dblp},
	Date = {2002-05-24},
	Date-Added = {2015-01-19 21:32:08 +0000},
	Date-Modified = {2015-01-19 21:32:08 +0000},
	Description = {dblp},
	Interhash = {7c79e91e708e17bf6b8e4bc747034ce5},
	Intrahash = {d90e773cf6c93d46864ac2475108b31f},
	Isbn = {0-8240-4427-4},
	Keywords = {dblp},
	Publisher = {Garland Publishing, New York},
	Series = {Outstanding Dissertations in the Computer Sciences},
	Timestamp = {2002-05-24T00:00:00.000+0200},
	Title = {Machine Perception of Three-Dimensional Solids},
	Year = 1963}

@article{fischler1973representation,
	Author = {Fischler, Martin A and Elschlager, Robert A},
	Date-Added = {2015-01-16 22:02:45 +0000},
	Date-Modified = {2015-01-16 22:02:45 +0000},
	Journal = {IEEE Transactions on Computers},
	Number = {1},
	Pages = {67--92},
	Publisher = {Citeseer},
	Title = {The representation and matching of pictorial structures},
	Volume = {22},
	Year = {1973}}

@inproceedings{girshick2013training,
	Author = {Girshick, Ross and Malik, Jitendra},
	Booktitle = {Computer Vision (ICCV), 2013 IEEE International Conference on},
	Date-Added = {2015-01-13 17:37:58 +0000},
	Date-Modified = {2015-01-13 17:37:58 +0000},
	Organization = {IEEE},
	Pages = {3016--3023},
	Title = {Training deformable part models with decorrelated features},
	Year = {2013}}

@article{girshick2013rich,
	Author = {Girshick, Ross and Donahue, Jeff and Darrell, Trevor and Malik, Jitendra},
	Date-Added = {2015-01-13 17:21:36 +0000},
	Date-Modified = {2015-01-13 17:21:36 +0000},
	Journal = {arXiv preprint arXiv:1311.2524},
	Title = {Rich feature hierarchies for accurate object detection and semantic segmentation},
	Year = {2013}}

@article{jia2014caffe,
	Author = {Jia, Yangqing and Shelhamer, Evan and Donahue, Jeff and Karayev, Sergey and Long, Jonathan and Girshick, Ross and Guadarrama, Sergio and Darrell, Trevor},
	Date-Added = {2015-01-13 13:46:22 +0000},
	Date-Modified = {2015-01-13 13:46:22 +0000},
	Journal = {arXiv preprint arXiv:1408.5093},
	Title = {Caffe: Convolutional Architecture for Fast Feature Embedding},
	Year = {2014}}

@article{DBLP:journals/corr/IandolaMKGDK14,
	Author = {Forrest N. Iandola and Matthew W. Moskewicz and Sergey Karayev and Ross B. Girshick and Trevor Darrell and Kurt Keutzer},
	Bibsource = {dblp computer science bibliography, http://dblp.org},
	Biburl = {http://dblp.uni-trier.de/rec/bib/journals/corr/IandolaMKGDK14},
	Date-Added = {2015-01-13 13:37:31 +0000},
	Date-Modified = {2015-01-13 13:37:31 +0000},
	Journal = {CoRR},
	Timestamp = {Fri, 02 May 2014 07:44:13 +0200},
	Title = {DenseNet: Implementing Efficient ConvNet Descriptor Pyramids},
	Url = {http://arxiv.org/abs/1404.1869},
	Volume = {abs/1404.1869},
	Year = {2014},
	Bdsk-Url-1 = {http://arxiv.org/abs/1404.1869}}

@inproceedings{krizhevsky2012imagenet,
	Author = {Krizhevsky, Alex and Sutskever, Ilya and Hinton, Geoffrey E},
	Booktitle = {Advances in neural information processing systems},
	Date-Added = {2015-01-13 08:45:20 +0000},
	Date-Modified = {2015-01-13 08:45:20 +0000},
	Pages = {1097--1105},
	Title = {Imagenet classification with deep convolutional neural networks},
	Year = {2012}}

@misc{voc-release5,
	Author = {Girshick, R. B. and Felzenszwalb, P. F. and McAllester, D.},
	Date-Added = {2015-01-12 20:54:08 +0000},
	Date-Modified = {2015-01-12 20:54:08 +0000},
	Howpublished = {http://people.cs.uchicago.edu/~rbg/latent-release5/},
	Title = {Discriminatively Trained Deformable Part Models, Release 5}}

@article{andrewssupport,
	Author = {Andrews, Stuart and Tsochantaridis, Ioannis and Hofmann, Thomas},
	Date-Added = {2015-01-11 14:11:50 +0000},
	Date-Modified = {2015-01-11 14:11:50 +0000},
	Title = {Support Vector Machines for Multiple-Instance Learning}}

@article{shalev2011pegasos,
	Author = {Shalev-Shwartz, Shai and Singer, Yoram and Srebro, Nathan and Cotter, Andrew},
	Date-Added = {2015-01-04 13:46:50 +0000},
	Date-Modified = {2015-01-04 13:46:50 +0000},
	Journal = {Mathematical programming},
	Number = {1},
	Pages = {3--30},
	Publisher = {Springer},
	Title = {Pegasos: Primal estimated sub-gradient solver for svm},
	Volume = {127},
	Year = {2011}}

@techreport{felzenszwalb2004distance,
	Author = {Felzenszwalb, Pedro and Huttenlocher, Daniel},
	Date-Added = {2015-01-03 22:16:10 +0000},
	Date-Modified = {2015-01-03 22:16:10 +0000},
	Institution = {Cornell University},
	Title = {Distance transforms of sampled functions},
	Year = {2004}}

@article{girshick2014deformable,
	Author = {Girshick, Ross and Iandola, Forrest and Darrell, Trevor and Malik, Jitendra},
	Date-Added = {2015-01-02 22:24:47 +0000},
	Date-Modified = {2015-01-02 22:24:47 +0000},
	Journal = {arXiv preprint arXiv:1409.5403},
	Title = {Deformable part models are convolutional neural networks},
	Year = {2014}}

@inproceedings{savalle8deformable,
	Author = {Savalle, Pierre-Andr{\'e} and Tsogkas, Stavros and Papandreou, George and Kokkinos, Iasonas},
	Booktitle = {3rd Parts and Attributes Workshop, ECCV},
	Date-Added = {2015-01-02 22:24:06 +0000},
	Date-Modified = {2015-01-02 22:24:06 +0000},
	Title = {Deformable part models with cnn features},
	Volume = {8}}

@inproceedings{4408987,
	Author = {Savarese, S. and Li Fei-Fei},
	Booktitle = {Computer Vision, 2007. ICCV 2007. IEEE 11th International Conference on},
	Date-Added = {2015-01-02 22:10:40 +0000},
	Date-Modified = {2015-01-02 22:10:40 +0000},
	Doi = {10.1109/ICCV.2007.4408987},
	Issn = {1550-5499},
	Keywords = {computational geometry;feature extraction;image classification;learning (artificial intelligence);object recognition;pose estimation;3D generic object categorization;3D generic object localization;3D geometry;local invariant feature;minimal supervision;mutual homographic transformation;pose estimation;Algorithm design and analysis;Computer science;Encoding;Information geometry;Joining processes;Object recognition;Robustness;Shape;Solid modeling;Testing},
	Month = {Oct},
	Pages = {1-8},
	Title = {3D generic object categorization, localization and pose estimation},
	Year = {2007},
	Bdsk-Url-1 = {http://dx.doi.org/10.1109/ICCV.2007.4408987}}

@inproceedings{xiang_wacv14,
	Author = {Yu Xiang and Roozbeh Mottaghi and Silvio Savarese},
	Booktitle = {IEEE Winter Conference on Applications of Computer Vision (WACV)},
	Date-Added = {2015-01-02 22:08:11 +0000},
	Date-Modified = {2015-01-02 22:08:11 +0000},
	Title = {Beyond PASCAL: A Benchmark for 3D Object Detection in the Wild},
	Year = {2014}}

@misc{pascal-voc-2012,
	Author = {Everingham, M. and Van~Gool, L. and Williams, C. K. I. and Winn, J. and Zisserman, A.},
	Date-Added = {2015-01-02 22:07:30 +0000},
	Date-Modified = {2015-01-02 22:07:30 +0000},
	Howpublished = {http://www.pascal-network.org/challenges/VOC/voc2012/workshop/index.html},
	Title = {The {PASCAL} {V}isual {O}bject {C}lasses {C}hallenge 2012 {(VOC2012)} {R}esults}}

@inproceedings{Chatfield14,
	Author = {Chatfield, K. and Simonyan, K. and Vedaldi, A. and Zisserman, A.},
	Booktitle = {British Machine Vision Conference},
	Date-Added = {2015-01-02 22:03:55 +0000},
	Date-Modified = {2015-01-02 22:03:55 +0000},
	Title = {Return of the Devil in the Details: Delving Deep into Convolutional Nets},
	Year = {2014}}

@article{arXiv:1412.4564,
	Author = {A. Vedaldi and K. Lenc},
	Date-Added = {2015-01-02 22:01:36 +0000},
	Date-Modified = {2015-01-02 22:01:36 +0000},
	Journal = {CoRR},
	Title = {MatConvNet -- Convolutional Neural Networks for MATLAB},
	Volume = {abs/1412.4564},
	Year = {2014}}

@misc{voc-release4,
	Author = {Felzenszwalb, P. F. and Girshick, R. B. and McAllester, D.},
	Date-Added = {2015-01-02 22:00:17 +0000},
	Date-Modified = {2015-01-02 22:00:17 +0000},
	Howpublished = {http://people.cs.uchicago.edu/~pff/latent-release4/},
	Title = {Discriminatively Trained Deformable Part Models, Release 4}}

@inproceedings{1467360,
	Author = {Dalal, N. and Triggs, B.},
	Booktitle = {Computer Vision and Pattern Recognition, 2005. CVPR 2005. IEEE Computer Society Conference on},
	Date-Added = {2015-01-02 21:45:15 +0000},
	Date-Modified = {2015-01-02 21:45:15 +0000},
	Doi = {10.1109/CVPR.2005.177},
	Issn = {1063-6919},
	Keywords = {feature extraction;gradient methods;object detection;object recognition;support vector machines;coarse spatial binning;contrast normalization;edge based descriptors;fine orientation binning;fine-scale gradients;gradient based descriptors;histograms of oriented gradients;human detection;linear SVM;overlapping descriptor;pedestrian database;robust visual object recognition;High performance computing;Histograms;Humans;Image databases;Image edge detection;Object detection;Object recognition;Robustness;Support vector machines;Testing},
	Month = {June},
	Pages = {886-893 vol. 1},
	Title = {Histograms of oriented gradients for human detection},
	Volume = {1},
	Year = {2005},
	Bdsk-Url-1 = {http://dx.doi.org/10.1109/CVPR.2005.177}}

@inbook{Pepik:2012aa,
	Author = {Pepik, Bojan and Gehler, Peter and Stark, Michael and Schiele, Bernt},
	Booktitle = {Computer Vision -- ECCV 2012},
	Booktitle1 = {Lecture Notes in Computer Science},
	Date = {2012 %@ 978-3-642-33782-6},
	Date-Added = {2015-01-02 21:10:38 +0000},
	Date-Modified = {2015-01-02 21:10:38 +0000},
	Date1 = {2012-01-01},
	Editor = {Fitzgibbon, Andrew and Lazebnik, Svetlana and Perona, Pietro and Sato, Yoichi and Schmid, Cordelia},
	G = {English},
	Pages = {356-370},
	Publisher = {Springer Berlin Heidelberg},
	Title = {3D2PM -- 3D Deformable Part Models},
	Type = {10.1007/978-3-642-33783-3_26},
	Url = {http://dx.doi.org/10.1007/978-3-642-33783-3_26},
	Volume = {7577},
	Year = {2012},
	Bdsk-Url-1 = {http://dx.doi.org/10.1007/978-3-642-33783-3_26}}

@inproceedings{6248075,
	Author = {Pepik, B. and Stark, M. and Gehler, P. and Schiele, B.},
	Booktitle = {Computer Vision and Pattern Recognition (CVPR), 2012 IEEE Conference on},
	Date-Added = {2015-01-02 21:08:21 +0000},
	Date-Modified = {2015-01-02 21:08:21 +0000},
	Doi = {10.1109/CVPR.2012.6248075},
	Issn = {1063-6919},
	Keywords = {geometry;image representation;object recognition;object tracking;teaching;2D bounding box localization;3D geometric reasoning;3D geometry teaching;3D object tracking;3D scene understanding;Pascal VOC;benchmark data set;deformable part model;higher-level application;individual object detection;object class detector output;object class recognition system;object hypothesis;representational gap;scene understanding system;ultra-wide baseline matching;viewpoint estimation;Cognition;Design automation;Detectors;Estimation;Optimization;Solid modeling;Training},
	Month = {June},
	Pages = {3362-3369},
	Title = {Teaching 3D geometry to deformable part models},
	Year = {2012},
	Bdsk-Url-1 = {http://dx.doi.org/10.1109/CVPR.2012.6248075}}

@article{5255236,
	Author = {Felzenszwalb, P.F. and Girshick, R.B. and McAllester, D. and Ramanan, D.},
	Date-Added = {2015-01-02 21:07:00 +0000},
	Date-Modified = {2015-01-02 21:07:00 +0000},
	Doi = {10.1109/TPAMI.2009.167},
	Issn = {0162-8828},
	Journal = {Pattern Analysis and Machine Intelligence, IEEE Transactions on},
	Keywords = {data mining;iterative methods;object detection;object recognition;support vector machines;PASCAL object detection;data mining;discriminative trained part-based models;iterative training algorithm;latent SVM objective function;margin-sensitive approach;multiscale deformable part models;object detection system;object recognition;support vector machine;Object recognition;deformable models;discriminative training;latent SVM.;pictorial structures;Algorithms;Artificial Intelligence;Discriminant Analysis;Image Enhancement;Image Interpretation, Computer-Assisted;Imaging, Three-Dimensional;Pattern Recognition, Automated;Reproducibility of Results;Sensitivity and Specificity},
	Month = {Sept},
	Number = {9},
	Pages = {1627-1645},
	Title = {Object Detection with Discriminatively Trained Part-Based Models},
	Volume = {32},
	Year = {2010},
	Bdsk-Url-1 = {http://dx.doi.org/10.1109/TPAMI.2009.167}}
